<?xml version="1.0" encoding="UTF-8"?><collection xmlns="http://www.loc.gov/MARC21/slim"><record><leader>00448nam--2200133-i-4500</leader><controlfield tag="001">000010992</controlfield><controlfield tag="002">20161230</controlfield><controlfield tag="005">20161230201029</controlfield><controlfield tag="008">060222s1000------------r-----000-0-eng-d</controlfield><datafield ind1=" " ind2=" " tag="080"><subfield code="a">512.8</subfield></datafield><datafield ind1=" " ind2=" " tag="100"><subfield code="a">Belinfante, Johan G.F. And Kolman, Bernard</subfield></datafield><datafield ind1=" " ind2=" " tag="245"><subfield code="a">A survey of lie groups and lie algebras with applications and computational methods</subfield></datafield><datafield ind1=" " ind2=" " tag="260"><subfield code="a">Philadelphia, Society For Industrial And Appli Ed Mathematics, 1972. Ix + 164 P</subfield></datafield><datafield ind1=" " ind2=" " tag="852"><subfield code="a">40565</subfield></datafield></record></collection>